Automatically generated by Mendeley Desktop 1.12.3-dev1
Any changes to this file will be lost if it is regenerated by Mendeley.

BibTeX export options can be customized via Options -> BibTeX in Mendeley Desktop

@article{Hewitt1973,
author = {Hewitt, C and Bishop, P and Greif, I and Smith, B},
journal = {Proceedings of the 1st annual ACM SIGACT-SIGPLAN symposium on Principles of programming languages},
title = {{Actor induction and meta-evaluation}},
url = {http://dl.acm.org/citation.cfm?id=512942},
year = {1973}
}
@article{Bocq2012,
author = {Bocq, S\'{e}bastien and Daenen, Koen},
doi = {10.1145/2398857.2384640},
isbn = {978-1-4503-1561-6},
issn = {03621340},
journal = {ACM SIGPLAN Notices},
keywords = {DSEl,DSl,concurrent,functional programming,multicore,parallel,process networks,scala,stream},
month = nov,
number = {10},
pages = {315},
publisher = {ACM},
title = {{Molecule}},
url = {http://dl.acm.org/citation.cfm?id=2398857.2384640},
volume = {47},
year = {2012}
}
