Automatically generated by Mendeley Desktop 1.12.3-dev1
Any changes to this file will be lost if it is regenerated by Mendeley.

BibTeX export options can be customized via Options -> BibTeX in Mendeley Desktop

@article{Sridharan2012,
author = {Sridharan, M and Dolby, J and Chandra, S},
file = {:home/etn/Documents/PhD/Biblio/Sridharan, Dolby, Chandra - 2012 - Correlation tracking for points-to analysis of JavaScript.pdf:pdf},
journal = {ECOOP 2012–Object- \ldots},
title = {{Correlation tracking for points-to analysis of JavaScript}},
url = {http://link.springer.com/chapter/10.1007/978-3-642-31057-7_20},
year = {2012}
}
@article{Cousot1979,
author = {Cousot, P and Cousot, R},
file = {:home/etn/Documents/PhD/Biblio/Cousot, Cousot - 1979 - Systematic design of program analysis frameworks.pdf:pdf},
journal = {Proceedings of the 6th ACM SIGACT-SIGPLAN  \ldots},
title = {{Systematic design of program analysis frameworks}},
url = {http://dl.acm.org/citation.cfm?id=567778},
year = {1979}
}
@article{Richards2011,
author = {Richards, G and Hammer, C and Burg, B and Vitek, J},
file = {:home/etn/Documents/PhD/Biblio/Richards et al. - 2011 - The eval that men do.pdf:pdf},
journal = {ECOOP 2011–Object-Oriented  \ldots},
title = {{The eval that men do}},
url = {http://link.springer.com/chapter/10.1007/978-3-642-22655-7_4},
year = {2011}
}
@article{Jensen2012,
author = {Jensen, SH and Jonsson, PA and M\o ller, A},
file = {:home/etn/Documents/PhD/Biblio/Jensen, Jonsson, M\o ller - 2012 - Remedying the eval that men do.pdf:pdf},
journal = {Proceedings of the 2012  \ldots},
title = {{Remedying the eval that men do}},
url = {http://dl.acm.org/citation.cfm?id=2336758},
year = {2012}
}
@article{Wei2014,
author = {Wei, S and Ryder, BG},
journal = {ECOOP 2014–Object-Oriented Programming},
title = {{State-sensitive points-to analysis for the dynamic behavior of JavaScript objects}},
url = {http://link.springer.com/chapter/10.1007/978-3-662-44202-9_1},
year = {2014}
}
@article{Abramsky1987,
author = {Abramsky, S and Hankin, C},
file = {:home/etn/Documents/PhD/Biblio/Abramsky, Hankin - 1987 - An introduction to abstract interpretation.pdf:pdf},
journal = {Abstract Interpretation of declarative \ldots},
title = {{An introduction to abstract interpretation}},
url = {https://www.ursuletz.com/$\sim$weimer/2006-615/reading/AbramskiAI.pdf},
year = {1987}
}
@article{Sridharan2009,
author = {Sridharan, M and Fink, SJ},
file = {:home/etn/Documents/PhD/Biblio/Sridharan, Fink - 2009 - The complexity of Andersen's analysis in practice.pdf:pdf},
journal = {Static Analysis},
title = {{The complexity of Andersen's analysis in practice}},
url = {http://link.springer.com/chapter/10.1007/978-3-642-03237-0_15},
year = {2009}
}
@article{Kam1977,
author = {Kam, JB and Ullman, JD},
file = {:home/etn/Documents/PhD/Biblio/Kam, Ullman - 1977 - Monotone data flow analysis frameworks.pdf:pdf},
journal = {Acta Informatica},
title = {{Monotone data flow analysis frameworks}},
url = {http://link.springer.com/article/10.1007/BF00290339},
year = {1977}
}
@article{Maffeis2008,
author = {Maffeis, S and Mitchell, JC and Taly, A},
file = {:home/etn/Documents/PhD/Biblio/Maffeis, Mitchell, Taly - 2008 - An operational semantics for JavaScript.pdf:pdf},
journal = {Programming languages and systems},
title = {{An operational semantics for JavaScript}},
url = {http://link.springer.com/chapter/10.1007/978-3-540-89330-1_22},
year = {2008}
}
@article{Cousot1977,
author = {Cousot, P and Cousot, R},
file = {:home/etn/Documents/PhD/Biblio/Cousot, Cousot - 1977 - Abstract interpretation a unified lattice model for static analysis of programs by construction or approximation.pdf:pdf},
journal = {Proceedings of the 4th ACM SIGACT-SIGPLAN \ldots},
title = {{Abstract interpretation: a unified lattice model for static analysis of programs by construction or approximation of fixpoints}},
url = {http://dl.acm.org/citation.cfm?id=512973},
year = {1977}
}
@article{Jang2009,
author = {Jang, D and Choe, KM},
file = {:home/etn/Documents/PhD/Biblio/Jang, Choe - 2009 - Points-to analysis for JavaScript.pdf:pdf},
journal = {Proceedings of the 2009 ACM symposium on Applied \ldots},
title = {{Points-to analysis for JavaScript}},
url = {http://dl.acm.org/citation.cfm?id=1529711},
year = {2009}
}
@article{Gardner2012,
author = {Gardner, PA and Maffeis, S and Smith, GD},
file = {:home/etn/Documents/PhD/Biblio/Gardner, Maffeis, Smith - 2012 - Towards a program logic for JavaScript.pdf:pdf},
journal = {ACM SIGPLAN Notices},
title = {{Towards a program logic for JavaScript}},
url = {http://dl.acm.org/citation.cfm?id=2103663},
year = {2012}
}
