Automatically generated by Mendeley Desktop 1.12.3-dev1
Any changes to this file will be lost if it is regenerated by Mendeley.

BibTeX export options can be customized via Options -> BibTeX in Mendeley Desktop

@article{Sridharan2012,
author = {Sridharan, M and Dolby, J and Chandra, S},
file = {:home/etn/Documents/PhD/Biblio/Sridharan, Dolby, Chandra - 2012 - Correlation tracking for points-to analysis of JavaScript.pdf:pdf},
journal = {ECOOP 2012–Object- \ldots},
title = {{Correlation tracking for points-to analysis of JavaScript}},
url = {http://link.springer.com/chapter/10.1007/978-3-642-31057-7_20},
year = {2012}
}
@article{Wei2014,
author = {Wei, S and Ryder, BG},
journal = {ECOOP 2014–Object-Oriented Programming},
title = {{State-sensitive points-to analysis for the dynamic behavior of JavaScript objects}},
url = {http://link.springer.com/chapter/10.1007/978-3-662-44202-9_1},
year = {2014}
}
@article{Jang2009,
author = {Jang, D and Choe, KM},
file = {:home/etn/Documents/PhD/Biblio/Jang, Choe - 2009 - Points-to analysis for JavaScript.pdf:pdf},
journal = {Proceedings of the 2009 ACM symposium on Applied \ldots},
title = {{Points-to analysis for JavaScript}},
url = {http://dl.acm.org/citation.cfm?id=1529711},
year = {2009}
}
