Automatically generated by Mendeley Desktop 1.12.3-dev1
Any changes to this file will be lost if it is regenerated by Mendeley.

BibTeX export options can be customized via Options -> BibTeX in Mendeley Desktop

@article{Lakshman2010,
author = {Lakshman, A and Malik, P},
journal = {ACM SIGOPS Operating Systems Review},
title = {{Cassandra: a decentralized structured storage system}},
url = {http://dl.acm.org/citation.cfm?id=1773922},
year = {2010}
}
@article{Cardelli1999,
author = {Cardelli, L and Ghelli, G and Gordon, AD},
journal = {Automata, Languages and Programming},
title = {{Mobility types for mobile ambients}},
url = {http://link.springer.com/chapter/10.1007/3-540-48523-6_20},
year = {1999}
}
@book{Welsh2000,
author = {Welsh, M and Gribble, SD and Brewer, EA and Culler, D},
file = {:home/etn/Documents/PhD/Biblio/Welsh et al. - 2000 - A design framework for highly concurrent systems.pdf:pdf},
title = {{A design framework for highly concurrent systems}},
url = {http://www.cs.berkeley.edu/$\sim$culler/papers/events.pdf},
year = {2000}
}
@article{Lamport1978,
author = {Lamport, L},
file = {:home/etn/Documents/PhD/Biblio/Lamport - 1978 - Time, clocks, and the ordering of events in a distributed system.pdf:pdf},
journal = {Communications of the ACM},
title = {{Time, clocks, and the ordering of events in a distributed system}},
url = {http://dl.acm.org/citation.cfm?id=359563},
year = {1978}
}
@book{Liskov1988,
author = {Liskov, B and Shrira, L},
title = {{Promises: linguistic support for efficient asynchronous procedure calls in distributed systems}},
url = {http://dl.acm.org/citation.cfm?id=54016},
year = {1988}
}
@article{Rotem-Gal-Oz2006,
author = {Rotem-Gal-Oz, A},
journal = {\ldots http://www. rgoarchitects. com/Files/fallacies. \ldots},
title = {{Fallacies of distributed computing explained}},
url = {http://www.rgoarchitects.com/Files/fallacies.pdf},
year = {2006}
}
@article{Gilbert2002,
author = {Gilbert, S and Lynch, N},
file = {:home/etn/Documents/PhD/Biblio/Gilbert, Lynch - 2002 - Brewer's conjecture and the feasibility of consistent, available, partition-tolerant web services(2).pdf:pdf},
journal = {ACM SIGACT News},
title = {{Brewer's conjecture and the feasibility of consistent, available, partition-tolerant web services}},
url = {http://dl.acm.org/citation.cfm?id=564601},
year = {2002}
}
@article{Karger1997,
author = {Karger, D and Lehman, E and Leighton, T},
journal = {Proceedings of the  \ldots},
title = {{Consistent hashing and random trees: Distributed caching protocols for relieving hot spots on the World Wide Web}},
url = {http://dl.acm.org/citation.cfm?id=258660},
year = {1997}
}
@inproceedings{Clements2013a,
address = {New York, New York, USA},
author = {Clements, Austin T. and Kaashoek, M. Frans and Zeldovich, Nickolai and Morris, Robert T. and Kohler, Eddie},
booktitle = {Proceedings of the Twenty-Fourth ACM Symposium on Operating Systems Principles - SOSP '13},
doi = {10.1145/2517349.2522712},
file = {:home/etn/Documents/PhD/Biblio/Clements et al. - 2013 - The scalable commutativity rule.pdf:pdf},
isbn = {9781450323888},
month = nov,
pages = {1--17},
publisher = {ACM Press},
title = {{The scalable commutativity rule}},
url = {http://dl.acm.org/citation.cfm?id=2517349.2522712},
year = {2013}
}
@book{Fox1997,
author = {Fox, A and Gribble, SD and Chawathe, Y and Brewer, EA and Gauthier, P},
file = {:home/etn/Documents/PhD/Biblio/Fox et al. - 1997 - Cluster-based scalable network services.pdf:pdf},
title = {{Cluster-based scalable network services}},
url = {http://dl.acm.org/citation.cfm?id=266662},
year = {1997}
}
@article{DeCandia2007,
author = {DeCandia, G and Hastorun, D},
file = {:home/etn/Documents/PhD/Biblio/DeCandia, Hastorun - 2007 - Dynamo amazon's highly available key-value store.pdf:pdf},
journal = {ACM SIGOPS  \ldots},
title = {{Dynamo: amazon's highly available key-value store}},
url = {http://dl.acm.org/citation.cfm?id=1294281},
year = {2007}
}
@article{Mullender1990,
author = {Mullender, SJ and Rossum, G Van},
journal = {Computer},
title = {{Amoeba: A distributed operating system for the 1990s}},
url = {http://ieeexplore.ieee.org/xpls/abs_all.jsp?arnumber=53354},
year = {1990}
}
@article{Fouquet2012,
author = {Fouquet, F and Morin, B and Fleurey, F},
journal = {\ldots  on Component Based  \ldots},
title = {{A dynamic component model for cyber physical systems}},
url = {http://dl.acm.org/citation.cfm?id=2304759},
year = {2012}
}
@article{Dean2008,
author = {Dean, J and Ghemawat, S},
journal = {Communications of the ACM},
title = {{MapReduce: simplified data processing on large clusters}},
url = {http://dl.acm.org/citation.cfm?id=1327492},
year = {2008}
}
@article{Steen2007,
author = {Steen, Marteen Van and Tanenbaum, Andrew S},
journal = {Network},
title = {{Distributed Systems: principles and paradigms}},
url = {http://u.cs.biu.ac.il/$\sim$ariel/download/ds590/pdfs/notes.01.pdf},
year = {2007}
}
