Automatically generated by Mendeley Desktop 1.10.1
Any changes to this file will be lost if it is regenerated by Mendeley.

BibTeX export options can be customized via Preferences -> BibTeX in Mendeley Desktop

@book{Morrison1994a,
author = {Morrison, JP},
title = {{Flow-based programming - introduction}},
url = {http://ersaconf.org/ersa-adn/papers/adn003.pdf},
year = {1994}
}
@misc{NoFlo,
abstract = {NoFlo is a simple flow-based programming implementation for JavaScript},
title = {{NoFlo}},
url = {https://github.com/bergie/noflo}
}
@book{Morrison1994,
author = {Morrison, JP},
pages = {1--377},
title = {{Flow-Based Programming}},
url = {http://ersaconf.org/ersa-adn/papers/adn003.pdf},
year = {1994}
}
