Automatically generated by Mendeley Desktop 1.12.3-dev1
Any changes to this file will be lost if it is regenerated by Mendeley.

BibTeX export options can be customized via Options -> BibTeX in Mendeley Desktop

@book{Klop1990,
author = {Klop, JW},
title = {{Term rewriting systems}},
url = {http://www.informatik.uni-bremen.de/agbkb/lehre/rbs/texte/Klop-TR.pdf},
year = {1990}
}
@article{Brus1987a,
author = {Brus, TH and van Eekelen, MCJD},
journal = {\ldots and Computer \ldots},
title = {{Cleanâ€”a language for functional graph rewriting}},
url = {http://link.springer.com/chapter/10.1007/3-540-18317-5_20},
year = {1987}
}
