Automatically generated by Mendeley Desktop 1.12.3-dev1
Any changes to this file will be lost if it is regenerated by Mendeley.

BibTeX export options can be customized via Options -> BibTeX in Mendeley Desktop

@article{Feldthaus2013,
author = {Feldthaus, A and M\o ller, A},
file = {:home/etn/Documents/PhD/Biblio/Feldthaus, M\o ller - 2013 - Semi-automatic rename refactoring for JavaScript.pdf:pdf},
journal = {Proceedings of the 2013 ACM SIGPLAN  \ldots},
title = {{Semi-automatic rename refactoring for JavaScript}},
url = {http://dl.acm.org/citation.cfm?id=2509520},
year = {2013}
}
@article{Disney2014,
author = {Disney, T and Faubion, N},
file = {:home/etn/Documents/PhD/Biblio/Disney, Faubion - 2014 - Sweeten your JavaScript hygienic macros for ES5.pdf:pdf},
journal = {Proceedings of the 10th \ldots},
title = {{Sweeten your JavaScript: hygienic macros for ES5}},
url = {http://dl.acm.org/citation.cfm?id=2661097},
year = {2014}
}
