Automatically generated by Mendeley Desktop 1.12.3-dev1
Any changes to this file will be lost if it is regenerated by Mendeley.

BibTeX export options can be customized via Options -> BibTeX in Mendeley Desktop

@article{Bodin2014,
author = {Bodin, M and Chargu\'{e}raud, A},
file = {:home/etn/Documents/PhD/Biblio/Bodin, Chargu\'{e}raud - 2014 - A trusted mechanised JavaSript specification.pdf:pdf},
journal = {Proceedings of the 41st \ldots},
title = {{A trusted mechanised JavaSript specification}},
url = {http://dl.acm.org/citation.cfm?id=2535876},
year = {2014}
}
@article{Hackett2012,
author = {Hackett, B and Guo, S},
file = {:home/etn/Documents/PhD/Biblio/Hackett, Guo - 2012 - Fast and precise hybrid type inference for JavaScript.pdf:pdf},
journal = {ACM SIGPLAN Notices},
title = {{Fast and precise hybrid type inference for JavaScript}},
url = {http://dl.acm.org/citation.cfm?id=2254094},
year = {2012}
}
@article{Maffeis2009a,
author = {Maffeis, S and Mitchell, JC and Taly, A},
file = {:home/etn/Documents/PhD/Biblio/Maffeis, Mitchell, Taly - 2009 - Isolating JavaScript with filters, rewriting, and wrappers.pdf:pdf},
journal = {Computer Security–ESORICS 2009},
title = {{Isolating JavaScript with filters, rewriting, and wrappers}},
url = {http://link.springer.com/chapter/10.1007/978-3-642-04444-1_31},
year = {2009}
}
@article{Sridharan2012,
author = {Sridharan, M and Dolby, J and Chandra, S},
file = {:home/etn/Documents/PhD/Biblio/Sridharan, Dolby, Chandra - 2012 - Correlation tracking for points-to analysis of JavaScript.pdf:pdf},
journal = {ECOOP 2012–Object- \ldots},
title = {{Correlation tracking for points-to analysis of JavaScript}},
url = {http://link.springer.com/chapter/10.1007/978-3-642-31057-7_20},
year = {2012}
}
@article{Gardner2012,
author = {Gardner, PA and Maffeis, S and Smith, GD},
file = {:home/etn/Documents/PhD/Biblio/Gardner, Maffeis, Smith - 2012 - Towards a program logic for JavaScript.pdf:pdf},
journal = {ACM SIGPLAN Notices},
title = {{Towards a program logic for JavaScript}},
url = {http://dl.acm.org/citation.cfm?id=2103663},
year = {2012}
}
@article{Maffeis2009,
author = {Maffeis, S and Taly, A},
file = {:home/etn/Documents/PhD/Biblio/Maffeis, Taly - 2009 - Language-based isolation of untrusted Javascript.pdf:pdf},
journal = {\ldots  Symposium, 2009. CSF'09. 22nd IEEE},
title = {{Language-based isolation of untrusted Javascript}},
url = {http://ieeexplore.ieee.org/xpls/abs_all.jsp?arnumber=5230484},
year = {2009}
}
@article{Jensen2009,
author = {Jensen, SH and M\o ller, A and Thiemann, P},
file = {:home/etn/Documents/PhD/Biblio/Jensen, M\o ller, Thiemann - 2009 - Type analysis for JavaScript.pdf:pdf},
journal = {Static Analysis},
title = {{Type analysis for JavaScript}},
url = {http://link.springer.com/chapter/10.1007/978-3-642-03237-0_17},
year = {2009}
}
@article{Jang2009,
author = {Jang, D and Choe, KM},
file = {:home/etn/Documents/PhD/Biblio/Jang, Choe - 2009 - Points-to analysis for JavaScript.pdf:pdf},
journal = {Proceedings of the 2009 ACM symposium on Applied \ldots},
title = {{Points-to analysis for JavaScript}},
url = {http://dl.acm.org/citation.cfm?id=1529711},
year = {2009}
}
@article{Wei2014,
author = {Wei, S and Ryder, BG},
journal = {ECOOP 2014–Object-Oriented Programming},
title = {{State-sensitive points-to analysis for the dynamic behavior of JavaScript objects}},
url = {http://link.springer.com/chapter/10.1007/978-3-662-44202-9_1},
year = {2014}
}
@article{Richards2010,
author = {Richards, G and Lebresne, S and Burg, B and Vitek, J},
file = {:home/etn/Documents/PhD/Biblio/Richards et al. - 2010 - An analysis of the dynamic behavior of JavaScript programs.pdf:pdf},
journal = {ACM Sigplan Notices},
title = {{An analysis of the dynamic behavior of JavaScript programs}},
url = {http://dl.acm.org/citation.cfm?id=1806598},
year = {2010}
}
@article{Jovanovic2006,
author = {Jovanovic, N and Kruegel, C and Kirda, E},
file = {:home/etn/Documents/PhD/Biblio/Jovanovic, Kruegel, Kirda - 2006 - Pixy A static analysis tool for detecting web application vulnerabilities.pdf:pdf},
journal = {Security and Privacy, 2006  \ldots},
title = {{Pixy: A static analysis tool for detecting web application vulnerabilities}},
url = {http://ieeexplore.ieee.org/xpls/abs_all.jsp?arnumber=1624016},
year = {2006}
}
@article{Gardner2013,
author = {Gardner, P and Smith, G},
file = {:home/etn/Documents/PhD/Biblio/Gardner, Smith - 2013 - JuS Squeezing the sense out of javascript programs.pdf:pdf},
journal = {JSTools@ ECOOP},
title = {{JuS: Squeezing the sense out of javascript programs}},
url = {https://csl.cs.uni-saarland.de/jstools/2013/JuS.pdf},
year = {2013}
}
@article{Jensen2012,
author = {Jensen, SH and Jonsson, PA and M\o ller, A},
file = {:home/etn/Documents/PhD/Biblio/Jensen, Jonsson, M\o ller - 2012 - Remedying the eval that men do.pdf:pdf},
journal = {Proceedings of the 2012  \ldots},
title = {{Remedying the eval that men do}},
url = {http://dl.acm.org/citation.cfm?id=2336758},
year = {2012}
}
@article{Andreasen,
author = {Andreasen, E and Feldthaus, A and Jensen, SH},
file = {:home/etn/Documents/PhD/Biblio/Andreasen, Feldthaus, Jensen - Unknown - Improving Tools for JavaScript Programmers.pdf:pdf},
journal = {users-cs.au.dk},
title = {{Improving Tools for JavaScript Programmers}},
url = {http://users-cs.au.dk/amoeller/papers/stop/paper.pdf}
}
@article{Huang2004,
author = {Huang, YW and Yu, F and Hang, C and Tsai, CH},
journal = {Proceedings of the 13th  \ldots},
title = {{Securing web application code by static analysis and runtime protection}},
url = {http://dl.acm.org/citation.cfm?id=988679},
year = {2004}
}
@article{Jensen2011,
author = {Jensen, SH and Madsen, M and M\o ller, A},
file = {:home/etn/Documents/PhD/Biblio/Jensen, Madsen, M\o ller - 2011 - Modeling the HTML DOM and browser API in static analysis of JavaScript web applications.pdf:pdf},
journal = {\ldots  of the 19th ACM SIGSOFT symposium \ldots},
title = {{Modeling the HTML DOM and browser API in static analysis of JavaScript web applications}},
url = {http://dl.acm.org/citation.cfm?id=2025125},
year = {2011}
}
@article{Maffeis2008,
author = {Maffeis, S and Mitchell, JC and Taly, A},
file = {:home/etn/Documents/PhD/Biblio/Maffeis, Mitchell, Taly - 2008 - An operational semantics for JavaScript.pdf:pdf},
journal = {Programming languages and systems},
title = {{An operational semantics for JavaScript}},
url = {http://link.springer.com/chapter/10.1007/978-3-540-89330-1_22},
year = {2008}
}
@article{Anderson2005,
author = {Anderson, C and Giannini, P and Drossopoulou, S},
file = {:home/etn/Documents/PhD/Biblio/Anderson, Giannini, Drossopoulou - 2005 - Towards type inference for JavaScript.pdf:pdf},
journal = {ECOOP 2005-Object-Oriented  \ldots},
title = {{Towards type inference for JavaScript}},
url = {http://link.springer.com/chapter/10.1007/11531142_19},
year = {2005}
}
@article{Disney2014,
author = {Disney, T and Faubion, N},
file = {:home/etn/Documents/PhD/Biblio/Disney, Faubion - 2014 - Sweeten your JavaScript hygienic macros for ES5.pdf:pdf},
journal = {Proceedings of the 10th \ldots},
title = {{Sweeten your JavaScript: hygienic macros for ES5}},
url = {http://dl.acm.org/citation.cfm?id=2661097},
year = {2014}
}
@article{Richards2011,
author = {Richards, G and Hammer, C and Burg, B and Vitek, J},
file = {:home/etn/Documents/PhD/Biblio/Richards et al. - 2011 - The eval that men do.pdf:pdf},
journal = {ECOOP 2011–Object-Oriented  \ldots},
title = {{The eval that men do}},
url = {http://link.springer.com/chapter/10.1007/978-3-642-22655-7_4},
year = {2011}
}
@article{Thiemann2005,
author = {Thiemann, P},
file = {:home/etn/Documents/PhD/Biblio/Thiemann - 2005 - Towards a type system for analyzing javascript programs.pdf:pdf},
journal = {Programming Languages and Systems},
title = {{Towards a type system for analyzing javascript programs}},
url = {http://link.springer.com/chapter/10.1007/978-3-540-31987-0_28},
year = {2005}
}
@article{Smith2011,
author = {Smith, GD},
file = {:home/etn/Documents/PhD/Biblio/Smith - 2011 - Local reasoning about web programs.pdf:pdf},
title = {{Local reasoning about web programs}},
url = {https://www.doc.ic.ac.uk/$\sim$pg/papers/Gareth_Smith_Thesis.pdf},
year = {2011}
}
