Automatically generated by Mendeley Desktop 1.12.3-dev1
Any changes to this file will be lost if it is regenerated by Mendeley.

BibTeX export options can be customized via Options -> BibTeX in Mendeley Desktop

@article{Fuggetta1998,
author = {Fuggetta, A and Lavazza, L and Morasca, S},
journal = {\ldots  on Software  \ldots},
title = {{Applying GQM in an industrial software factory}},
url = {http://dl.acm.org/citation.cfm?id=292197},
year = {1998}
}
@article{Milojicic2000,
author = {Miloji\v{c}i\'{c}, DS and Douglis, F},
journal = {ACM Computing  \ldots},
title = {{Process migration}},
url = {http://dl.acm.org/citation.cfm?id=367728},
year = {2000}
}
@article{Venkatesha2009,
author = {Venkatesha, S and Sadhu, S and Kintali, S},
journal = {Memory},
title = {{Survey of virtual machine migration techniques}},
url = {http://scholar.google.com/scholar?hl=en&btnG=Search&q=intitle:Survey+of+Virtual+Machine+Migration+Techniques#5},
year = {2009}
}
