Automatically generated by Mendeley Desktop 1.12.3-dev1
Any changes to this file will be lost if it is regenerated by Mendeley.

BibTeX export options can be customized via Options -> BibTeX in Mendeley Desktop

@article{Ventra2012,
author = {Ventra, M Di and Pershin, YV},
journal = {arXiv preprint arXiv:1211.4487},
title = {{Memcomputing: a computing paradigm to store and process information on the same physical platform}},
url = {http://arxiv.org/abs/1211.4487},
year = {2012}
}
@article{Gude2008,
author = {Gude, N and Koponen, T and Pettit, J and Pfaff, B},
journal = {ACM SIGCOMM  \ldots},
title = {{NOX: towards an operating system for networks}},
url = {http://dl.acm.org/citation.cfm?id=1384625},
year = {2008}
}
