Automatically generated by Mendeley Desktop 1.12.3-dev1
Any changes to this file will be lost if it is regenerated by Mendeley.

BibTeX export options can be customized via Options -> BibTeX in Mendeley Desktop

@article{Petit2009,
author = {Petit, E},
title = {{Vers un partitionnement automatique d'applications en codelets sp\'{e}culatifs pour les syst\`{e}mes h\'{e}t\'{e}rog\`{e}nes \`{a} m\'{e}moires distribu\'{e}es}},
url = {http://hal.inria.fr/tel-00445512/},
year = {2009}
}
@article{Amarasinghe1994,
author = {Amarasinghe, SP and Anderson, JM},
journal = {\ldots  and Compilers for Parallel \ldots},
title = {{An overview of a compiler for scalable parallel machines}},
url = {http://link.springer.com/chapter/10.1007/3-540-57659-2_15},
year = {1994}
}
@article{Gordon2006,
author = {Gordon, MI and Thies, W and Amarasinghe, S},
file = {:home/etn/Documents/PhD/Biblio/Gordon, Thies, Amarasinghe - 2006 - Exploiting coarse-grained task, data, and pipeline parallelism in stream programs.pdf:pdf},
journal = {ACM SIGOPS Operating Systems  \ldots},
title = {{Exploiting coarse-grained task, data, and pipeline parallelism in stream programs}},
url = {http://dl.acm.org/citation.cfm?id=1168877},
year = {2006}
}
@article{Dean2008,
author = {Dean, J and Ghemawat, S},
journal = {Communications of the ACM},
title = {{MapReduce: simplified data processing on large clusters}},
url = {http://dl.acm.org/citation.cfm?id=1327492},
year = {2008}
}
@article{Jr1989,
author = {Jr, GL Steele},
file = {:home/etn/Documents/PhD/Biblio/Jr - 1989 - Making asynchronous parallelism safe for the world.pdf:pdf},
journal = {Proceedings of the 17th ACM SIGPLAN-SIGACT  \ldots},
title = {{Making asynchronous parallelism safe for the world}},
url = {http://dl.acm.org/citation.cfm?id=96731},
year = {1989}
}
@article{Amarasinghe1995,
author = {Amarasinghe, SP and Anderson, JAM and Lam, MS and Tseng, CW},
journal = {PPSC},
title = {{An Overview of the SUIF Compiler for Scalable Parallel Machines.}},
url = {http://www.researchgate.net/publication/2646829_Chapter_1_An_Overview_of_the_SUIF_Compiler_for_Scalable_Parallel_Machines/file/60b7d5193bc4fef52b.pdf},
year = {1995}
}
@article{Jr1985,
author = {Jr, RH Halstead},
journal = {ACM Transactions on Programming Languages and  \ldots},
title = {{Multilisp: A language for concurrent symbolic computation}},
url = {http://dl.acm.org/citation.cfm?id=4478},
year = {1985}
}
@article{Amini2012,
author = {Amini, M},
title = {{Transformations de programme automatiques et source-\`{a}-source pour acc\'{e}l\'{e}rateurs mat\'{e}riels de type GPU}},
url = {http://hal.archives-ouvertes.fr/pastel-00958033/},
year = {2012}
}
@article{Anderson,
author = {Fortuna, E. and Anderson, O. and Ceze, L. and Eggers, S.},
file = {:home/etn/Documents/PhD/Biblio/Fortuna et al. - Unknown - A Limit Study of JavaScript Parallelism.pdf:pdf},
journal = {ready.cs.washington.edu},
title = {{A Limit Study of JavaScript Parallelism}},
url = {https://ready.cs.washington.edu/$\sim$luisceze/publications/fortuna-iiswc2010.pdf}
}
@article{Perez2008,
author = {Perez, JM and Badia, RM and Labarta, J},
file = {:home/etn/Documents/PhD/Biblio/Perez, Badia, Labarta - 2008 - A dependency-aware task-based programming environment for multi-core architectures.pdf:pdf},
journal = {Cluster Computing, 2008  \ldots},
title = {{A dependency-aware task-based programming environment for multi-core architectures}},
url = {http://ieeexplore.ieee.org/xpls/abs_all.jsp?arnumber=4663765},
year = {2008}
}
