Automatically generated by Mendeley Desktop 1.12.3-dev1
Any changes to this file will be lost if it is regenerated by Mendeley.

BibTeX export options can be customized via Options -> BibTeX in Mendeley Desktop

@book{Milner1993,
author = {Milner, R},
title = {{The polyadic $\pi$-calculus: a tutorial}},
url = {http://link.springer.com/chapter/10.1007/978-3-642-58041-3_6},
year = {1993}
}
@article{Milner1992,
author = {Milner, R and Parrow, J and Walker, D},
file = {:home/etn/Documents/PhD/Biblio/Milner, Parrow, Walker - 1992 - A calculus of mobile processes, i(2).pdf:pdf},
journal = {Information and computation},
title = {{A calculus of mobile processes, i}},
url = {http://www.sciencedirect.com/science/article/pii/0890540192900084},
year = {1992}
}
@article{Milner1992a,
author = {Milner, R and Parrow, J and Walker, D},
file = {:home/etn/Documents/PhD/Biblio/Milner, Parrow, Walker - 1992 - A calculus of mobile processes, II.ps:ps},
journal = {Information and computation},
title = {{A calculus of mobile processes, II}},
url = {http://www.sciencedirect.com/science/article/pii/0890540192900095},
year = {1992}
}
@article{Milner1991,
author = {Milner, R and Parrow, J and Walker, D},
journal = {CONCUR'91},
title = {{Modal logics for mobile processes}},
url = {http://link.springer.com/chapter/10.1007/3-540-54430-5_80},
year = {1991}
}
@article{Pierce2000,
author = {Pierce, BC and Turner, DN},
journal = {Proof, language, and interaction},
title = {{Pict: a programming language based on the Pi-Calculus.}},
url = {http://books.google.com/books?hl=en&lr=&id=g8DEO9DwmZoC&oi=fnd&pg=PA455&dq=pict+pi+calculus&ots=_k60hkkCaQ&sig=A__Ajof3EAYvQbwg8f62MfLqc1g},
year = {2000}
}
