Automatically generated by Mendeley Desktop 1.10-dev1
Any changes to this file will be lost if it is regenerated by Mendeley.

BibTeX export options can be customized via Preferences -> BibTeX in Mendeley Desktop

@misc{Tesselation,
abstract = {A real-time, responsive, high-throughput client operating system for ManyCore},
title = {{Tesselation OS}},
url = {http://tessellation.cs.berkeley.edu/}
}
@misc{Bacon,
abstract = {is a library which implement EventStream, a new to work with event, and dynamic properties.},
title = {{Bacon.js}},
url = {https://github.com/raimohanska/bacon.js http://stackoverflow.com/questions/1028250/what-is-functional-reactive-programming/1030631\#1030631}
}
@misc{dnode,
abstract = {node rpc (buggy ?)},
title = {dnode},
url = {https://github.com/substack/dnode}
}
@misc{01,
abstract = {done by Roger Wang from 01.org Intel Open Source Technology Center},
title = {node-webkit},
url = {https://01.org/}
}
@misc{KadOH,
abstract = {Node framework for P2P connections},
title = {{KadOH}},
url = {http://jinroh.github.io/kadoh/}
}
@misc{Barrelfish,
abstract = {Barrelfish is a new research operating system, exploring how to structure an OS for future multi- and many-core systems.},
title = {{Barrelfish}},
url = {http://www.barrelfish.org/}
}
@misc{TouchDB,
abstract = {Similar to CouchDB but light enough to be embeded in mobile deveices},
title = {{TouchDB}},
url = {http://touchdb.org/}
}
@misc{Rapyuta,
abstract = {Rapyuta, the RoboEarth Cloud Engine, is a Platform as a Service framework for robots.},
title = {{Rapyuta: The RoboEarth Cloud Engine}},
url = {http://rapyuta.org/rapyuta-the-roboearth-cloud-engine}
}
@misc{Sockethub,
abstract = {Sockethub is a polyglot (speaking many different protocols and APIs) messaging service for social and other interactive messaging applications. It assists web app developers by providing server-independent, server-side functionality - which gives the application greater autonomy. It can be used as a tool for many different types applications, large and small.},
title = {{Sockethub}},
url = {http://sockethub.org/}
}
@misc{Jang,
abstract = {A Web Browser with a Formally Verified Kernel},
author = {Jang, Dongseok and Tatlock, Zachary and Lerner, Sorin},
title = {{Quark}},
url = {http://goto.ucsd.edu/quark/},
year = {2012}
}
@misc{ThinkUp,
abstract = {Social media gathering service},
title = {{ThinkUp}},
url = {https://www.thinkup.com/}
}
@misc{Chorus,
abstract = {is a microkernel real-time operating system designed as a message-based computational model},
title = {{Chorus}}
}
@misc{ASM,
abstract = {Compiling languages into efficient Javascript.},
title = {{ASM.js}},
url = {http://asmjs.org/}
}
@misc{NOX,
abstract = {is an OS for network devices, OpenFlow.},
title = {{NOX}}
}
@misc{FlyingSquirrelOS,
abstract = {WTF project of an OS with dataflow programming capabilities},
title = {{FlyingSquirrelOS}},
url = {http://www.flyingsquirrelos.org/}
}
@misc{Grimwire,
abstract = {A RESTful Browser OS that does Peer-to-peer over WebRTC},
title = {{Grimwire}},
url = {http://blog.grimwire.com/\#2013-04-04-grimwire.md}
}
@misc{Lockr,
abstract = {decentralized social network},
title = {{Lockr}},
url = {http://www.lockr.org/ http://research.microsoft.com/en-us/projects/lockr/}
}
@misc{Plaxo,
abstract = {a web based contact book which update itself from various sources.},
title = {{Plaxo}},
url = {http://www.plaxo.com/}
}
@misc{Lumi,
abstract = {Recommandation system for websites based on your browse history},
title = {{Lumi}},
url = {http://lumi.do}
}
@misc{NoseRub,
abstract = {A distributed social network protocol \& implementation},
title = {{NoseRub}},
url = {http://code.google.com/p/noserub/}
}
@misc{unhosted,
abstract = {host your own data, instead of using centralized data server},
title = {unhosted},
url = {https://unhosted.org}
}
@misc{TermKit,
abstract = {is a terminal that bring more media features inside the terminal.},
title = {{TermKit}},
url = {https://github.com/unconed/TermKit}
}
@misc{node-intercom,
abstract = {An interface for speaking to intercom.io API},
title = {node-intercom},
url = {https://github.com/silentrob/node-intercom}
}
@misc{Storm,
abstract = {is a stream based approach to parallelized computing},
title = {{Storm}},
url = {http://storm-project.net/}
}
@misc{NoseRub,
abstract = {A distributed social network protocol \& implementation},
title = {{NoseRub}},
url = {http://code.google.com/p/noserub/}
}
@misc{node-chrome,
abstract = {Connected desktop apps},
title = {node-chrome},
url = {https://github.com/hij1nx/node-chrome}
}
@misc{PouchDB,
abstract = {Similar to CouchDB (replication) but in the browser},
title = {{PouchDB}},
url = {http://pouchdb.com/}
}
@misc{Mosix,
abstract = {is a cluster operating system targeted for high-performance computing on Linux clusters, clouds and clusters with many accelerator devices},
title = {{Mosix}},
url = {http://www.mosix.cs.huji.ac.il/}
}
@misc{RemoteStorage,
abstract = {unhosted backend},
title = {{RemoteStorage}},
url = {http://remotestorage.io/}
}
@misc{Younity,
abstract = {A personal cloud that follow you everywhere with offline capabilities (is it decentralised ?)},
title = {{Younity}},
url = {http://www.getyounity.com/}
}
@misc{Node,
abstract = {Use node inside a browser},
title = {{Node-chromify}},
url = {http://iceddev.github.com/blog/2012/11/05/node-js-in-chrome/}
}
@misc{Polvi,
abstract = {CoreOS is Linux for massive server deployments},
author = {Polvi, Alex and Philips, Brandon and Kroah-Hartman, Greg and Marineau, Michael},
title = {{CoreOS}},
url = {coreos.com},
year = {2013}
}
@misc{Liquid,
abstract = {IBM - Liquid Metal offers a single unified programming language that allows (all) portions of an application to move fluidly between hardware and software, dynamically and adaptively.},
title = {{Liquid metal}},
url = {http://researcher.watson.ibm.com/researcher/view\_project.php?id=122}
}
@misc{Terminology,
abstract = {Enlightenement's terminal bring image, video and pdf viewing inside the terminal.},
title = {{Terminology}},
url = {http://www.enlightenment.org/p.php?p=about/terminology}
}
@misc{Lockr,
abstract = {decentralized social network},
title = {{Lockr}},
url = {http://www.lockr.org/ http://research.microsoft.com/en-us/projects/lockr/}
}
@misc{Browserver,
abstract = {transform your browser in web server with a reverse proxy service.},
title = {{Browserver}},
url = {http://browserver.org/}
}
@misc{Wayland,
abstract = {Protocol to replace X server, IPC},
title = {{Wayland}},
url = {http://wayland.freedesktop.org/}
}
@misc{SmartGlass,
title = {{Microsoft SmartGlass Project}},
url = {http://www.xbox.com/en-US/smartglass}
}
@misc{pipes,
abstract = {unix pipes, but for the web},
title = {pipes},
url = {ttp://pipes.yahoo.com/pipes/}
}
@misc{MoveMyData,
abstract = {an effort to allow the user to own back his informations, and the implementation.},
title = {{MoveMyData}},
url = {http://www.movemydata.org/}
}
@misc{Scout,
abstract = {is a communication-oriented operating system targeted at network appliances},
title = {{Scout}},
url = {http://www.cs.arizona.edu/projects/scout/}
}
@misc{FlockDB,
abstract = {A graph database, used by twitter},
title = {{FlockDB}},
url = {https://github.com/twitter/flockdb}
}
@misc{ThinkUp,
abstract = {Social media gathering service},
title = {{ThinkUp}},
url = {https://www.thinkup.com/}
}
@misc{NoFlo,
abstract = {NoFlo is a simple flow-based programming implementation for JavaScript},
title = {{NoFlo}},
url = {https://github.com/bergie/noflo}
}
@misc{IFTTT,
abstract = {If this then that},
title = {{IFTTT}},
url = {https://ifttt.com}
}
@misc{Friendica,
abstract = {a bit like Diaspora, but more compatible and open :)},
title = {{Friendica / Red}},
url = {http://friendica.com/}
}
