Automatically generated by Mendeley Desktop 1.12.3-dev1
Any changes to this file will be lost if it is regenerated by Mendeley.

BibTeX export options can be customized via Options -> BibTeX in Mendeley Desktop

@inproceedings{Clements2013a,
address = {New York, New York, USA},
author = {Clements, Austin T. and Kaashoek, M. Frans and Zeldovich, Nickolai and Morris, Robert T. and Kohler, Eddie},
booktitle = {Proceedings of the Twenty-Fourth ACM Symposium on Operating Systems Principles - SOSP '13},
doi = {10.1145/2517349.2522712},
file = {:home/etn/Documents/PhD/Biblio/Clements et al. - 2013 - The scalable commutativity rule.pdf:pdf},
isbn = {9781450323888},
month = nov,
pages = {1--17},
publisher = {ACM Press},
title = {{The scalable commutativity rule}},
url = {http://dl.acm.org/citation.cfm?id=2517349.2522712},
year = {2013}
}
