Automatically generated by Mendeley Desktop 1.12.3-dev1
Any changes to this file will be lost if it is regenerated by Mendeley.

BibTeX export options can be customized via Options -> BibTeX in Mendeley Desktop

@article{Maffeis2009a,
author = {Maffeis, S and Mitchell, JC and Taly, A},
file = {:home/etn/Documents/PhD/Biblio/Maffeis, Mitchell, Taly - 2009 - Isolating JavaScript with filters, rewriting, and wrappers.pdf:pdf},
journal = {Computer Security–ESORICS 2009},
title = {{Isolating JavaScript with filters, rewriting, and wrappers}},
url = {http://link.springer.com/chapter/10.1007/978-3-642-04444-1_31},
year = {2009}
}
@article{Maffeis2009,
author = {Maffeis, S and Taly, A},
file = {:home/etn/Documents/PhD/Biblio/Maffeis, Taly - 2009 - Language-based isolation of untrusted Javascript.pdf:pdf},
journal = {\ldots  Symposium, 2009. CSF'09. 22nd IEEE},
title = {{Language-based isolation of untrusted Javascript}},
url = {http://ieeexplore.ieee.org/xpls/abs_all.jsp?arnumber=5230484},
year = {2009}
}
@article{Smith2011,
author = {Smith, GD},
file = {:home/etn/Documents/PhD/Biblio/Smith - 2011 - Local reasoning about web programs.pdf:pdf},
title = {{Local reasoning about web programs}},
url = {https://www.doc.ic.ac.uk/$\sim$pg/papers/Gareth_Smith_Thesis.pdf},
year = {2011}
}
@article{Bodin2014,
author = {Bodin, M and Chargu\'{e}raud, A},
file = {:home/etn/Documents/PhD/Biblio/Bodin, Chargu\'{e}raud - 2014 - A trusted mechanised JavaSript specification.pdf:pdf},
journal = {Proceedings of the 41st \ldots},
title = {{A trusted mechanised JavaSript specification}},
url = {http://dl.acm.org/citation.cfm?id=2535876},
year = {2014}
}
@article{Maffeis2008,
author = {Maffeis, S and Mitchell, JC and Taly, A},
file = {:home/etn/Documents/PhD/Biblio/Maffeis, Mitchell, Taly - 2008 - An operational semantics for JavaScript.pdf:pdf},
journal = {Programming languages and systems},
title = {{An operational semantics for JavaScript}},
url = {http://link.springer.com/chapter/10.1007/978-3-540-89330-1_22},
year = {2008}
}
@article{Agesen1994,
author = {Agesen, O},
file = {:home/etn/Documents/PhD/Biblio/Agesen - 1994 - Constraint-based type inference and parametric polymorphism.pdf:pdf},
journal = {Static Analysis},
title = {{Constraint-based type inference and parametric polymorphism}},
url = {http://link.springer.com/chapter/10.1007/3-540-58485-4_34},
year = {1994}
}
@article{Cousot1977,
author = {Cousot, P and Cousot, R},
file = {:home/etn/Documents/PhD/Biblio/Cousot, Cousot - 1977 - Abstract interpretation a unified lattice model for static analysis of programs by construction or approximation.pdf:pdf},
journal = {Proceedings of the 4th ACM SIGACT-SIGPLAN \ldots},
title = {{Abstract interpretation: a unified lattice model for static analysis of programs by construction or approximation of fixpoints}},
url = {http://dl.acm.org/citation.cfm?id=512973},
year = {1977}
}
@article{Sridharan2012,
author = {Sridharan, M and Dolby, J and Chandra, S},
file = {:home/etn/Documents/PhD/Biblio/Sridharan, Dolby, Chandra - 2012 - Correlation tracking for points-to analysis of JavaScript.pdf:pdf},
journal = {ECOOP 2012–Object- \ldots},
title = {{Correlation tracking for points-to analysis of JavaScript}},
url = {http://link.springer.com/chapter/10.1007/978-3-642-31057-7_20},
year = {2012}
}
@article{Jang2009,
author = {Jang, D and Choe, KM},
file = {:home/etn/Documents/PhD/Biblio/Jang, Choe - 2009 - Points-to analysis for JavaScript.pdf:pdf},
journal = {Proceedings of the 2009 ACM symposium on Applied \ldots},
title = {{Points-to analysis for JavaScript}},
url = {http://dl.acm.org/citation.cfm?id=1529711},
year = {2009}
}
@article{Ferrante1987,
author = {Ferrante, J and Ottenstein, KJ and Warren, JD},
file = {:home/etn/Documents/PhD/Biblio/Ferrante, Ottenstein, Warren - 1987 - The program dependence graph and its use in optimization.pdf:pdf},
journal = {ACM Transactions on \ldots},
title = {{The program dependence graph and its use in optimization}},
url = {http://dl.acm.org/citation.cfm?id=24041},
year = {1987}
}
@article{Logozzo2010,
author = {Logozzo, F and Venter, H},
file = {:home/etn/Documents/PhD/Biblio/Logozzo, Venter - 2010 - RATA rapid atomic type analysis by abstract interpretation–application to javascript optimization.pdf:pdf},
journal = {Compiler Construction},
title = {{RATA: rapid atomic type analysis by abstract interpretation–application to javascript optimization}},
url = {http://link.springer.com/chapter/10.1007/978-3-642-11970-5_5},
year = {2010}
}
@article{Rosen1988,
author = {Rosen, BK and Wegman, MN and Zadeck, FK},
file = {:home/etn/Documents/PhD/Biblio/Rosen, Wegman, Zadeck - 1988 - Global value numbers and redundant computations.pdf:pdf},
journal = {\ldots of the 15th ACM SIGPLAN-SIGACT \ldots},
title = {{Global value numbers and redundant computations}},
url = {http://dl.acm.org/citation.cfm?id=73562},
year = {1988}
}
@article{Agesen1995,
author = {Agesen, O and H\"{o}lzle, U},
file = {:home/etn/Documents/PhD/Biblio/Agesen, H\"{o}lzle - 1995 - Type feedback vs. concrete type inference A comparison of optimization techniques for object-oriented languages.pdf:pdf},
journal = {ACM SIGPLAN Notices},
title = {{Type feedback vs. concrete type inference: A comparison of optimization techniques for object-oriented languages}},
url = {http://dl.acm.org/citation.cfm?id=217847},
year = {1995}
}
@article{Gardner2012,
author = {Gardner, PA and Maffeis, S and Smith, GD},
file = {:home/etn/Documents/PhD/Biblio/Gardner, Maffeis, Smith - 2012 - Towards a program logic for JavaScript.pdf:pdf},
journal = {ACM SIGPLAN Notices},
title = {{Towards a program logic for JavaScript}},
url = {http://dl.acm.org/citation.cfm?id=2103663},
year = {2012}
}
@article{Andersen1994,
author = {Andersen, LO},
file = {:home/etn/Documents/PhD/Biblio/Andersen - 1994 - Program analysis and specialization for the C programming language.pdf:pdf},
title = {{Program analysis and specialization for the C programming language}},
url = {http://www-ti.informatik.uni-tuebingen.de/$\sim$behrend/PaperSeminar/Program Analysis and SpecializationPhD.pdf},
year = {1994}
}
@article{Gardner2013,
author = {Gardner, P and Smith, G},
file = {:home/etn/Documents/PhD/Biblio/Gardner, Smith - 2013 - JuS Squeezing the sense out of javascript programs.pdf:pdf},
journal = {JSTools@ ECOOP},
title = {{JuS: Squeezing the sense out of javascript programs}},
url = {https://csl.cs.uni-saarland.de/jstools/2013/JuS.pdf},
year = {2013}
}
@article{Horwitz1990,
author = {Horwitz, S and Reps, T and Binkley, D},
file = {:home/etn/Documents/PhD/Biblio/Horwitz, Reps, Binkley - 1990 - Interprocedural slicing using dependence graphs.pdf:pdf},
journal = {ACM Transactions on Programming  \ldots},
title = {{Interprocedural slicing using dependence graphs}},
url = {http://dl.acm.org/citation.cfm?id=77608},
year = {1990}
}
@article{Cousot1979,
author = {Cousot, P and Cousot, R},
file = {:home/etn/Documents/PhD/Biblio/Cousot, Cousot - 1979 - Systematic design of program analysis frameworks.pdf:pdf},
journal = {Proceedings of the 6th ACM SIGACT-SIGPLAN  \ldots},
title = {{Systematic design of program analysis frameworks}},
url = {http://dl.acm.org/citation.cfm?id=567778},
year = {1979}
}
@article{Aiken1993,
author = {Aiken, A and Wimmers, EL},
file = {:home/etn/Documents/PhD/Biblio/Aiken, Wimmers - 1993 - Type inclusion constraints and type inference.ps:ps},
journal = {Proceedings of the conference on Functional \ldots},
title = {{Type inclusion constraints and type inference}},
url = {http://dl.acm.org/citation.cfm?id=165188},
year = {1993}
}
@article{Richards2011,
author = {Richards, G and Hammer, C and Burg, B and Vitek, J},
file = {:home/etn/Documents/PhD/Biblio/Richards et al. - 2011 - The eval that men do.pdf:pdf},
journal = {ECOOP 2011–Object-Oriented  \ldots},
title = {{The eval that men do}},
url = {http://link.springer.com/chapter/10.1007/978-3-642-22655-7_4},
year = {2011}
}
@article{Wei2014,
author = {Wei, S and Ryder, BG},
journal = {ECOOP 2014–Object-Oriented Programming},
title = {{State-sensitive points-to analysis for the dynamic behavior of JavaScript objects}},
url = {http://link.springer.com/chapter/10.1007/978-3-662-44202-9_1},
year = {2014}
}
@article{Jensen2011,
author = {Jensen, SH and Madsen, M and M\o ller, A},
file = {:home/etn/Documents/PhD/Biblio/Jensen, Madsen, M\o ller - 2011 - Modeling the HTML DOM and browser API in static analysis of JavaScript web applications.pdf:pdf},
journal = {\ldots  of the 19th ACM SIGSOFT symposium \ldots},
title = {{Modeling the HTML DOM and browser API in static analysis of JavaScript web applications}},
url = {http://dl.acm.org/citation.cfm?id=2025125},
year = {2011}
}
@article{Aiken1991,
author = {Aiken, A and Murphy, B},
file = {:home/etn/Documents/PhD/Biblio/Aiken, Murphy - 1991 - Static type inference in a dynamically typed language.pdf:pdf},
journal = {Proceedings of the 18th ACM SIGPLAN-SIGACT  \ldots},
title = {{Static type inference in a dynamically typed language}},
url = {http://dl.acm.org/citation.cfm?id=99621},
year = {1991}
}
@article{Jensen2012,
author = {Jensen, SH and Jonsson, PA and M\o ller, A},
file = {:home/etn/Documents/PhD/Biblio/Jensen, Jonsson, M\o ller - 2012 - Remedying the eval that men do.pdf:pdf},
journal = {Proceedings of the 2012  \ldots},
title = {{Remedying the eval that men do}},
url = {http://dl.acm.org/citation.cfm?id=2336758},
year = {2012}
}
@article{Thiemann2005,
author = {Thiemann, P},
file = {:home/etn/Documents/PhD/Biblio/Thiemann - 2005 - Towards a type system for analyzing javascript programs.pdf:pdf},
journal = {Programming Languages and Systems},
title = {{Towards a type system for analyzing javascript programs}},
url = {http://link.springer.com/chapter/10.1007/978-3-540-31987-0_28},
year = {2005}
}
@article{Anderson2005,
author = {Anderson, C and Giannini, P and Drossopoulou, S},
file = {:home/etn/Documents/PhD/Biblio/Anderson, Giannini, Drossopoulou - 2005 - Towards type inference for JavaScript.pdf:pdf},
journal = {ECOOP 2005-Object-Oriented  \ldots},
title = {{Towards type inference for JavaScript}},
url = {http://link.springer.com/chapter/10.1007/11531142_19},
year = {2005}
}
@article{Abramsky1987,
author = {Abramsky, S and Hankin, C},
file = {:home/etn/Documents/PhD/Biblio/Abramsky, Hankin - 1987 - An introduction to abstract interpretation.pdf:pdf},
journal = {Abstract Interpretation of declarative \ldots},
title = {{An introduction to abstract interpretation}},
url = {https://www.ursuletz.com/$\sim$weimer/2006-615/reading/AbramskiAI.pdf},
year = {1987}
}
@article{Jones2003,
author = {Jones, J},
journal = {Proceedings of the 10th Conference on Pattern Languages of Programs (PLoP2003)},
title = {{Abstract syntax tree implementation idioms}},
url = {http://scholar.google.com/scholar?hl=en&btnG=Search&q=intitle:Abstract+Syntax+Tree+Implementation+Idioms#1 http://scholar.google.com/scholar?hl=en&btnG=Search&q=intitle:Abstract+syntax+tree+implementation+idioms#1},
year = {2003}
}
@article{Cytron1989,
author = {Cytron, R and Ferrante, J and Rosen, BK},
file = {:home/etn/Documents/PhD/Biblio/Cytron, Ferrante, Rosen - 1989 - An efficient method of computing static single assignment form.pdf:pdf},
journal = {Proceedings of the 16th \ldots},
title = {{An efficient method of computing static single assignment form}},
url = {http://dl.acm.org/citation.cfm?id=75280},
year = {1989}
}
@article{Tip1995,
author = {Tip, F},
file = {:home/etn/Documents/PhD/Biblio/Tip - 1995 - A survey of program slicing techniques.pdf:pdf},
journal = {Journal of programming languages},
title = {{A survey of program slicing techniques}},
url = {http://www.cse.buffalo.edu/LRG/CSE605/Papers/slicing-survey-tip.pdf},
year = {1995}
}
@article{Sridharan2009,
author = {Sridharan, M and Fink, SJ},
file = {:home/etn/Documents/PhD/Biblio/Sridharan, Fink - 2009 - The complexity of Andersen's analysis in practice.pdf:pdf},
journal = {Static Analysis},
title = {{The complexity of Andersen's analysis in practice}},
url = {http://link.springer.com/chapter/10.1007/978-3-642-03237-0_15},
year = {2009}
}
@article{Jensen2009,
author = {Jensen, SH and M\o ller, A and Thiemann, P},
file = {:home/etn/Documents/PhD/Biblio/Jensen, M\o ller, Thiemann - 2009 - Type analysis for JavaScript.pdf:pdf},
journal = {Static Analysis},
title = {{Type analysis for JavaScript}},
url = {http://link.springer.com/chapter/10.1007/978-3-642-03237-0_17},
year = {2009}
}
@article{Furr2009,
author = {Furr, M and An, JD and Foster, JS and Hicks, M},
file = {:home/etn/Documents/PhD/Biblio/Furr et al. - 2009 - Static type inference for Ruby.pdf:pdf},
journal = {\ldots  of the 2009 ACM symposium on  \ldots},
title = {{Static type inference for Ruby}},
url = {http://dl.acm.org/citation.cfm?id=1529700},
year = {2009}
}
@article{Agrawal1990,
author = {Agrawal, H and Horgan, JR},
file = {:home/etn/Documents/PhD/Biblio/Agrawal, Horgan - 1990 - Dynamic program slicing.pdf:pdf},
journal = {ACM SIGPLAN Notices},
title = {{Dynamic program slicing}},
url = {http://dl.acm.org/citation.cfm?id=93576},
year = {1990}
}
@article{Richards2010,
author = {Richards, G and Lebresne, S and Burg, B and Vitek, J},
file = {:home/etn/Documents/PhD/Biblio/Richards et al. - 2010 - An analysis of the dynamic behavior of JavaScript programs.pdf:pdf},
journal = {ACM Sigplan Notices},
title = {{An analysis of the dynamic behavior of JavaScript programs}},
url = {http://dl.acm.org/citation.cfm?id=1806598},
year = {2010}
}
@article{Hackett2012,
author = {Hackett, B and Guo, S},
file = {:home/etn/Documents/PhD/Biblio/Hackett, Guo - 2012 - Fast and precise hybrid type inference for JavaScript.pdf:pdf},
journal = {ACM SIGPLAN Notices},
title = {{Fast and precise hybrid type inference for JavaScript}},
url = {http://dl.acm.org/citation.cfm?id=2254094},
year = {2012}
}
@article{Alpern1988,
author = {Alpern, B and Wegman, MN and Zadeck, FK},
file = {:home/etn/Documents/PhD/Biblio/Alpern, Wegman, Zadeck - 1988 - Detecting equality of variables in programs.pdf:pdf},
journal = {\ldots  of the 15th ACM SIGPLAN-SIGACT \ldots},
title = {{Detecting equality of variables in programs}},
url = {http://dl.acm.org/citation.cfm?id=73561},
year = {1988}
}
@article{Kam1977,
author = {Kam, JB and Ullman, JD},
file = {:home/etn/Documents/PhD/Biblio/Kam, Ullman - 1977 - Monotone data flow analysis frameworks.pdf:pdf},
journal = {Acta Informatica},
title = {{Monotone data flow analysis frameworks}},
url = {http://link.springer.com/article/10.1007/BF00290339},
year = {1977}
}
@article{Cytron1991,
author = {Cytron, R and Ferrante, J and Rosen, BK},
file = {:home/etn/Documents/PhD/Biblio/Cytron, Ferrante, Rosen - 1991 - Efficiently computing static single assignment form and the control dependence graph.pdf:pdf},
journal = {ACM Transactions on \ldots},
title = {{Efficiently computing static single assignment form and the control dependence graph}},
url = {http://dl.acm.org/citation.cfm?id=115320},
year = {1991}
}
