Automatically generated by Mendeley Desktop 1.12.3-dev1
Any changes to this file will be lost if it is regenerated by Mendeley.

BibTeX export options can be customized via Options -> BibTeX in Mendeley Desktop

@article{Thiemann2005,
author = {Thiemann, P},
file = {:home/etn/Documents/PhD/Biblio/Thiemann - 2005 - Towards a type system for analyzing javascript programs.pdf:pdf},
journal = {Programming Languages and Systems},
title = {{Towards a type system for analyzing javascript programs}},
url = {http://link.springer.com/chapter/10.1007/978-3-540-31987-0_28},
year = {2005}
}
@article{Hackett2012,
author = {Hackett, B and Guo, S},
file = {:home/etn/Documents/PhD/Biblio/Hackett, Guo - 2012 - Fast and precise hybrid type inference for JavaScript.pdf:pdf},
journal = {ACM SIGPLAN Notices},
title = {{Fast and precise hybrid type inference for JavaScript}},
url = {http://dl.acm.org/citation.cfm?id=2254094},
year = {2012}
}
@article{Agesen1994,
author = {Agesen, O},
file = {:home/etn/Documents/PhD/Biblio/Agesen - 1994 - Constraint-based type inference and parametric polymorphism.pdf:pdf},
journal = {Static Analysis},
title = {{Constraint-based type inference and parametric polymorphism}},
url = {http://link.springer.com/chapter/10.1007/3-540-58485-4_34},
year = {1994}
}
@article{Aiken1993,
author = {Aiken, A and Wimmers, EL},
file = {:home/etn/Documents/PhD/Biblio/Aiken, Wimmers - 1993 - Type inclusion constraints and type inference.ps:ps},
journal = {Proceedings of the conference on Functional \ldots},
title = {{Type inclusion constraints and type inference}},
url = {http://dl.acm.org/citation.cfm?id=165188},
year = {1993}
}
@article{Agesen1995,
author = {Agesen, O and H\"{o}lzle, U},
file = {:home/etn/Documents/PhD/Biblio/Agesen, H\"{o}lzle - 1995 - Type feedback vs. concrete type inference A comparison of optimization techniques for object-oriented languages.pdf:pdf},
journal = {ACM SIGPLAN Notices},
title = {{Type feedback vs. concrete type inference: A comparison of optimization techniques for object-oriented languages}},
url = {http://dl.acm.org/citation.cfm?id=217847},
year = {1995}
}
@article{Aiken1991,
author = {Aiken, A and Murphy, B},
file = {:home/etn/Documents/PhD/Biblio/Aiken, Murphy - 1991 - Static type inference in a dynamically typed language.pdf:pdf},
journal = {Proceedings of the 18th ACM SIGPLAN-SIGACT  \ldots},
title = {{Static type inference in a dynamically typed language}},
url = {http://dl.acm.org/citation.cfm?id=99621},
year = {1991}
}
@article{Logozzo2010,
author = {Logozzo, F and Venter, H},
file = {:home/etn/Documents/PhD/Biblio/Logozzo, Venter - 2010 - RATA rapid atomic type analysis by abstract interpretation–application to javascript optimization.pdf:pdf},
journal = {Compiler Construction},
title = {{RATA: rapid atomic type analysis by abstract interpretation–application to javascript optimization}},
url = {http://link.springer.com/chapter/10.1007/978-3-642-11970-5_5},
year = {2010}
}
@article{Furr2009,
author = {Furr, M and An, JD and Foster, JS and Hicks, M},
file = {:home/etn/Documents/PhD/Biblio/Furr et al. - 2009 - Static type inference for Ruby.pdf:pdf},
journal = {\ldots  of the 2009 ACM symposium on  \ldots},
title = {{Static type inference for Ruby}},
url = {http://dl.acm.org/citation.cfm?id=1529700},
year = {2009}
}
@article{Jensen2009,
author = {Jensen, SH and M\o ller, A and Thiemann, P},
file = {:home/etn/Documents/PhD/Biblio/Jensen, M\o ller, Thiemann - 2009 - Type analysis for JavaScript.pdf:pdf},
journal = {Static Analysis},
title = {{Type analysis for JavaScript}},
url = {http://link.springer.com/chapter/10.1007/978-3-642-03237-0_17},
year = {2009}
}
@article{Jensen2011,
author = {Jensen, SH and Madsen, M and M\o ller, A},
file = {:home/etn/Documents/PhD/Biblio/Jensen, Madsen, M\o ller - 2011 - Modeling the HTML DOM and browser API in static analysis of JavaScript web applications.pdf:pdf},
journal = {\ldots  of the 19th ACM SIGSOFT symposium \ldots},
title = {{Modeling the HTML DOM and browser API in static analysis of JavaScript web applications}},
url = {http://dl.acm.org/citation.cfm?id=2025125},
year = {2011}
}
@article{Anderson2005,
author = {Anderson, C and Giannini, P and Drossopoulou, S},
file = {:home/etn/Documents/PhD/Biblio/Anderson, Giannini, Drossopoulou - 2005 - Towards type inference for JavaScript.pdf:pdf},
journal = {ECOOP 2005-Object-Oriented  \ldots},
title = {{Towards type inference for JavaScript}},
url = {http://link.springer.com/chapter/10.1007/11531142_19},
year = {2005}
}
