Automatically generated by Mendeley Desktop 1.12.3-dev1
Any changes to this file will be lost if it is regenerated by Mendeley.

BibTeX export options can be customized via Options -> BibTeX in Mendeley Desktop

@article{Buck2004,
author = {Buck, I and Foley, T and Horn, D},
file = {:home/etn/Documents/PhD/Biblio/Buck, Foley, Horn - 2004 - Brook for GPUs stream computing on graphics hardware.pdf:pdf},
journal = {\ldots  on Graphics (TOG)},
title = {{Brook for GPUs: stream computing on graphics hardware}},
url = {http://dl.acm.org/citation.cfm?id=1015800},
year = {2004}
}
@article{Chen2005,
author = {Chen, MK and Li, XF and Lian, R and Lin, JH and Liu, L},
file = {:home/etn/Documents/PhD/Biblio/Chen et al. - 2005 - Shangri-La achieving high performance from compiled network applications while enabling ease of programming.pdf:pdf},
journal = {ACM SIGPLAN  \ldots},
title = {{Shangri-La: achieving high performance from compiled network applications while enabling ease of programming}},
url = {http://dl.acm.org/citation.cfm?id=1065038},
year = {2005}
}
@article{Thies2002,
author = {Thies, W and Karczmarek, M and Amarasinghe, S},
file = {:home/etn/Documents/PhD/Biblio/Thies, Karczmarek, Amarasinghe - 2002 - StreamIt A language for streaming applications.ps:ps},
journal = {Compiler Construction},
title = {{StreamIt: A language for streaming applications}},
url = {http://link.springer.com/chapter/10.1007/3-540-45937-5_14},
year = {2002}
}
@article{Consel2003,
author = {Consel, C and Hamdi, H and R\'{e}veill\`{e}re, L},
file = {:home/etn/Documents/PhD/Biblio/Consel, Hamdi, R\'{e}veill\`{e}re - 2003 - Spidle a DSL approach to specifying streaming applications.pdf:pdf},
journal = {Generative  \ldots},
title = {{Spidle: a DSL approach to specifying streaming applications}},
url = {http://link.springer.com/chapter/10.1007/978-3-540-39815-8_1},
year = {2003}
}
@article{Krawutschke2011,
author = {Krawutschke, D},
title = {{StreamIt: A Language for Streaming Applications}},
url = {http://rtsys.informatik.uni-kiel.de/svn/teaching/sem/11ss-conc/dkr/11ss-conc-dkr-talk.pdf},
year = {2011}
}
@article{Zhang2005,
author = {Zhang, D and Li, ZZ and Song, H and Liu, L},
file = {:home/etn/Documents/PhD/Biblio/Zhang et al. - 2005 - A programming model for an embedded media processing architecture.pdf:pdf},
journal = {\ldots Systems: Architectures, Modeling, and \ldots},
title = {{A programming model for an embedded media processing architecture}},
url = {http://link.springer.com/chapter/10.1007/11512622_27},
year = {2005}
}
@article{Mark2003,
author = {Mark, WR and Glanville, RS},
file = {:home/etn/Documents/PhD/Biblio/Mark, Glanville - 2003 - Cg A system for programming graphics hardware in a C-like language.pdf:pdf},
journal = {\ldots  Transactions on Graphics ( \ldots},
title = {{Cg: A system for programming graphics hardware in a C-like language}},
url = {http://dl.acm.org/citation.cfm?id=882362},
year = {2003}
}
