Automatically generated by Mendeley Desktop 1.12.3-dev1
Any changes to this file will be lost if it is regenerated by Mendeley.

BibTeX export options can be customized via Options -> BibTeX in Mendeley Desktop

@article{Abadi2003,
author = {Abadi, D and Carney, D and Cetintemel, U},
journal = {Proceedings of the \ldots},
title = {{Aurora: a data stream management system}},
url = {http://dl.acm.org/citation.cfm?id=872855},
year = {2003}
}
@article{Zaharia2010,
author = {Zaharia, M and Chowdhury, M},
file = {::},
journal = {HotCloud'10 Proceedings of the 2nd USENIX conference on Hot topics in cloud computing},
title = {{Spark: cluster computing with working sets}},
url = {http://www.usenix.org/event/hotcloud10/tech/full_papers/Zaharia.pdf http://static.usenix.org/legacy/events/hotcloud10/tech/full_papers/Zaharia.pdf},
year = {2010}
}
@article{Zaharia,
author = {Zaharia, M and Chowdhury, M and Das, T and Dave, A},
file = {::},
journal = {usenix.org},
title = {{Fast and interactive analytics over Hadoop data with Spark}},
url = {https://www.usenix.org/system/files/login/articles/zaharia.pdf}
}
@article{Toshniwal2014,
author = {Toshniwal, A and Taneja, S},
file = {:home/etn/Documents/PhD/Biblio/Toshniwal, Taneja - 2014 - Storm@ twitter.pdf:pdf},
journal = {Proceedings of the  \ldots},
title = {{Storm@ twitter}},
url = {http://dl.acm.org/citation.cfm?id=2595641},
year = {2014}
}
@article{Bhatotia2011,
author = {Bhatotia, P and Wieder, A and Rodrigues, R},
journal = {Proceedings of the 2nd \ldots},
title = {{Incoop: MapReduce for incremental computations}},
url = {http://dl.acm.org/citation.cfm?id=2038923},
year = {2011}
}
@article{Krishnamurthy2003,
author = {Krishnamurthy, S and Chandrasekaran, S},
file = {::},
journal = {IEEE Data Eng. \ldots},
title = {{TelegraphCQ: An architectural status report}},
url = {http://db.lcs.mit.edu/madden/html/deissue-b.pdf#page=13},
year = {2003}
}
@article{He2010,
author = {He, B and Yang, M and Guo, Z and Chen, R and Su, B},
journal = {\ldots  on Cloud computing},
title = {{Comet: batched stream processing for data intensive distributed computing}},
url = {http://dl.acm.org/citation.cfm?id=1807139},
year = {2010}
}
@article{Mark2003,
author = {Mark, WR and Glanville, RS},
file = {:home/etn/Documents/PhD/Biblio/Mark, Glanville - 2003 - Cg A system for programming graphics hardware in a C-like language.pdf:pdf},
journal = {\ldots  Transactions on Graphics ( \ldots},
title = {{Cg: A system for programming graphics hardware in a C-like language}},
url = {http://dl.acm.org/citation.cfm?id=882362},
year = {2003}
}
@article{Qian2013,
author = {Qian, Z and He, Y and Su, C and Wu, Z and Zhu, H},
journal = {Proceedings of the 8th ACM European Conference on Computer Systems (EuroSys '13)},
title = {{Timestream: Reliable stream computation in the cloud}},
url = {http://dl.acm.org/citation.cfm?id=2465353},
year = {2013}
}
@article{Yu2009,
author = {Yu, Yuan and Isard, Michael and Fetterly, Dennis and Budiu, Mihai and Erlingsson, Ulfar and Gunda, Pradeep Kumar and Currey, Jon and McSherry, Frank and Achan, Kannan and Poulain, Christophe},
journal = {Microsoft Research},
title = {{Some sample programs written in DryadLINQ}},
url = {http://research.microsoft.com/jump/66811},
year = {2009}
}
@article{Balakrishnan2004,
author = {Balakrishnan, H and Balazinska, M},
journal = {The VLDB Journal},
title = {{Retrospective on aurora}},
url = {http://link.springer.com/article/10.1007/s00778-004-0133-5},
year = {2004}
}
@article{Logothetis2010,
author = {Logothetis, D and Olston, C and Reed, B},
journal = {Proceedings of the 1st  \ldots},
title = {{Stateful bulk processing for incremental analytics}},
url = {http://dl.acm.org/citation.cfm?id=1807138},
year = {2010}
}
@article{Yang,
author = {Yang, F and Qian, Z and Chen, X and Beschastnikh, I},
journal = {research.microsoft.com},
title = {{Sonora: A Platform for Continuous Mobile-Cloud Computing}},
url = {http://research.microsoft.com/pubs/161446/paper.pdf},
year = {2012}
}
@misc{Marz2011,
abstract = {Storm is a free and open source distributed realtime computation system. Storm makes it easy to reliably process unbounded streams of data, doing for realtime processing what Hadoop did for batch processing. Storm is simple, can be used with any programming language, and is a lot of fun to use!},
author = {Marz, Nathan and Xu, James and Jackson, Jason and Feng, Andy},
title = {{Storm}},
url = {http://storm-project.net/},
year = {2011}
}
@article{Naughton2001,
author = {Naughton, JF and DeWitt, DJ and Maier, D},
journal = {IEEE Data Eng. \ldots},
title = {{The Niagara internet query system}},
url = {http://www.cs.cornell.edu/People/Jai/papers/niagaraoverview.pdf},
year = {2001}
}
@article{Buck2004,
author = {Buck, I and Foley, T and Horn, D},
file = {:home/etn/Documents/PhD/Biblio/Buck, Foley, Horn - 2004 - Brook for GPUs stream computing on graphics hardware.pdf:pdf},
journal = {\ldots  on Graphics (TOG)},
title = {{Brook for GPUs: stream computing on graphics hardware}},
url = {http://dl.acm.org/citation.cfm?id=1015800},
year = {2004}
}
@article{Peng2010,
author = {Peng, D and Dabek, F},
journal = {OSDI},
title = {{Large-scale Incremental Processing Using Distributed Transactions and Notifications.}},
url = {http://www.usenix.org/event/osdi10/tech/full_papers/Peng.pdf},
year = {2010}
}
@article{Han2012,
author = {Han, S and Marshall, S},
journal = {Proceedings of the 10th  \ldots},
title = {{Megapipe: a new programming interface for scalable network i/o}},
url = {https://www.usenix.org/system/files/conference/osdi12/osdi12-final-40.pdf},
year = {2012}
}
@article{McSherry,
author = {McSherry, F and Isaacs, R and Isard, M and Murray, DG},
file = {::},
journal = {Microsoft Research},
title = {{Composable Incremental and Iterative Data-Parallel Computation with Naiad}},
url = {http://202.114.89.42/resource/pdf/6992.pdf},
year = {2012}
}
@article{Barga2006,
author = {Barga, RS and Goldstein, J and Ali, M and Hong, M},
journal = {arXiv preprint cs/0612115},
title = {{Consistent streaming through time: A vision for event stream processing}},
url = {http://arxiv.org/abs/cs/0612115},
year = {2006}
}
@article{Jain2006,
author = {Jain, N and Amini, L and Andrade, H and King, R},
file = {:home/etn/Documents/PhD/Biblio/Jain et al. - 2006 - Design, implementation, and evaluation of the linear road benchmark on the stream processing core.pdf:pdf},
journal = {Proceedings of the \ldots},
title = {{Design, implementation, and evaluation of the linear road benchmark on the stream processing core}},
url = {http://dl.acm.org/citation.cfm?id=1142522},
year = {2006}
}
@article{Chen2005,
author = {Chen, MK and Li, XF and Lian, R and Lin, JH and Liu, L},
file = {:home/etn/Documents/PhD/Biblio/Chen et al. - 2005 - Shangri-La achieving high performance from compiled network applications while enabling ease of programming.pdf:pdf},
journal = {ACM SIGPLAN  \ldots},
title = {{Shangri-La: achieving high performance from compiled network applications while enabling ease of programming}},
url = {http://dl.acm.org/citation.cfm?id=1065038},
year = {2005}
}
@article{Thies2002,
author = {Thies, W and Karczmarek, M and Amarasinghe, S},
file = {:home/etn/Documents/PhD/Biblio/Thies, Karczmarek, Amarasinghe - 2002 - StreamIt A language for streaming applications.ps:ps},
journal = {Compiler Construction},
title = {{StreamIt: A language for streaming applications}},
url = {http://link.springer.com/chapter/10.1007/3-540-45937-5_14},
year = {2002}
}
@article{Neumeyer2010,
author = {Neumeyer, L and Robbins, B},
journal = {Data Mining Workshops  \ldots},
title = {{S4: Distributed stream computing platform}},
url = {http://ieeexplore.ieee.org/xpls/abs_all.jsp?arnumber=5693297},
year = {2010}
}
@article{Consel2003,
author = {Consel, C and Hamdi, H and R\'{e}veill\`{e}re, L},
file = {:home/etn/Documents/PhD/Biblio/Consel, Hamdi, R\'{e}veill\`{e}re - 2003 - Spidle a DSL approach to specifying streaming applications.pdf:pdf},
journal = {Generative  \ldots},
title = {{Spidle: a DSL approach to specifying streaming applications}},
url = {http://link.springer.com/chapter/10.1007/978-3-540-39815-8_1},
year = {2003}
}
@article{Zaharia2012,
author = {Zaharia, M and Das, T and Li, H and Shenker, S and Stoica, I},
journal = {Proceedings of the 4th \ldots},
title = {{Discretized streams: an efficient and fault-tolerant model for stream processing on large clusters}},
url = {https://www.usenix.org/system/files/conference/hotcloud12/hotcloud12-final28.pdf},
year = {2012}
}
@article{Krawutschke2011,
author = {Krawutschke, D},
title = {{StreamIt: A Language for Streaming Applications}},
url = {http://rtsys.informatik.uni-kiel.de/svn/teaching/sem/11ss-conc/dkr/11ss-conc-dkr-talk.pdf},
year = {2011}
}
@article{Condie2010,
author = {Condie, T and Conway, N and Alvaro, P},
journal = {NSDI},
title = {{MapReduce Online.}},
url = {http://static.usenix.org/events/nsdi10/tech/full_papers/condie.pdf},
year = {2010}
}
@article{Arvind2003,
author = {Arvind, DP and Arasu, A and Babcock, B},
journal = {IEEE Data Engineering \ldots},
title = {{Stream: The stanford stream data manager}},
url = {http://citeseerx.ist.psu.edu/viewdoc/summary?doi=10.1.1.8.6180},
year = {2003}
}
@article{Amini2006,
author = {Amini, L and Andrade, H and Bhagwan, R},
file = {::},
journal = {\ldots on Data mining \ldots},
title = {{SPC: A distributed, scalable platform for data mining}},
url = {http://dl.acm.org/citation.cfm?id=1289615},
year = {2006}
}
@article{Akidau2013,
author = {Akidau, T and Balikov, A},
journal = {Proceedings of the VLDB Endowment 6.11},
title = {{MillWheel: Fault-Tolerant Stream Processing at Internet Scale}},
url = {http://research.google.com/pubs/archive/41378.pdf},
year = {2013}
}
@article{Abadi2003a,
author = {Abadi, DJ and Carney, D},
journal = {The VLDB Journalâ€” \ldots},
title = {{Aurora: a new model and architecture for data stream management}},
url = {http://dl.acm.org/citation.cfm?id=950485},
year = {2003}
}
@article{Abadi2005,
author = {Abadi, DJ and Ahmad, Y and Balazinska, M},
journal = {CIDR},
title = {{The Design of the Borealis Stream Processing Engine.}},
url = {http://www.cs.harvard.edu/$\sim$mdw/course/cs260r/papers/borealis-cidr05.pdf},
year = {2005}
}
@article{Stonebraker2005,
author = {Stonebraker, M and \c{C}etintemel, U and Zdonik, S},
journal = {ACM SIGMOD Record},
title = {{The 8 requirements of real-time stream processing}},
url = {http://dl.acm.org/citation.cfm?id=1107504},
year = {2005}
}
@article{Logothetis2011,
author = {Logothetis, D and Trezzo, C},
journal = {2011 USENIX Annual  \ldots},
title = {{In-situ mapreduce for log processing}},
url = {http://static.usenix.org/event/atc11/tech/final_files/atc11_proceedings.pdf#page=125},
year = {2011}
}
@article{Chen2000,
author = {Chen, J and DeWitt, DJ and Tian, F and Wang, Y},
journal = {ACM SIGMOD Record},
title = {{NiagaraCQ: A scalable continuous query system for internet databases}},
url = {http://dl.acm.org/citation.cfm?id=335432},
year = {2000}
}
@article{Chandrasekaran2003,
author = {Chandrasekaran, S and Cooper, O},
journal = {Proceedings of the \ldots},
title = {{TelegraphCQ: continuous dataflow processing}},
url = {http://dl.acm.org/citation.cfm?id=872857},
year = {2003}
}
@article{Wu2007,
author = {Wu, KL and Hildrum, KW and Fan, W},
file = {:home/etn/Documents/PhD/Biblio/Wu, Hildrum, Fan - 2007 - Challenges and experience in prototyping a multi-modal stream analytic and monitoring application on System S.pdf:pdf},
journal = {Proceedings of the 33rd \ldots},
title = {{Challenges and experience in prototyping a multi-modal stream analytic and monitoring application on System S}},
url = {http://dl.acm.org/citation.cfm?id=1325986},
year = {2007}
}
@article{Murray2011,
author = {Murray, DG and Schwarzkopf, M},
journal = {Proceedings of the  \ldots},
title = {{CIEL: a universal execution engine for distributed data-flow computing}},
url = {http://static.usenix.org/event/nsdi11/tech/full_papers/Murray.pdf},
year = {2011}
}
@article{Franklin2005,
author = {Franklin, MJ and Jeffery, SR and Krishnamurthy, S},
journal = {CIDR},
title = {{Design Considerations for High Fan-In Systems: The HiFi Approach.}},
url = {http://sites.google.com/site/sailesh/hifiCIDR05.pdf},
year = {2005}
}
@misc{Apache2011,
author = {Apache},
title = {{Apache Flume}},
url = {http://flume.apache.org/},
year = {2011}
}
@article{Gordon2006,
author = {Gordon, MI and Thies, W and Amarasinghe, S},
file = {:home/etn/Documents/PhD/Biblio/Gordon, Thies, Amarasinghe - 2006 - Exploiting coarse-grained task, data, and pipeline parallelism in stream programs.pdf:pdf},
journal = {ACM SIGOPS Operating Systems  \ldots},
title = {{Exploiting coarse-grained task, data, and pipeline parallelism in stream programs}},
url = {http://dl.acm.org/citation.cfm?id=1168877},
year = {2006}
}
@article{Isard2007,
author = {Isard, M and Budiu, M and Yu, Y and Birrell, A and Fetterly, D},
journal = {ACM SIGOPS Operating  \ldots},
title = {{Dryad: distributed data-parallel programs from sequential building blocks}},
url = {http://dl.acm.org/citation.cfm?id=1273005},
year = {2007}
}
@article{Balazinska2008,
author = {Balazinska, M and Balakrishnan, H},
journal = {\ldots  on Database Systems ( \ldots},
title = {{Fault-tolerance in the Borealis distributed stream processing system}},
url = {http://dl.acm.org/citation.cfm?id=1331907},
year = {2008}
}
@article{Zhang2005,
author = {Zhang, D and Li, ZZ and Song, H and Liu, L},
file = {:home/etn/Documents/PhD/Biblio/Zhang et al. - 2005 - A programming model for an embedded media processing architecture.pdf:pdf},
journal = {\ldots Systems: Architectures, Modeling, and \ldots},
title = {{A programming model for an embedded media processing architecture}},
url = {http://link.springer.com/chapter/10.1007/11512622_27},
year = {2005}
}
@inproceedings{Meijer2006,
address = {New York, New York, USA},
author = {Meijer, Erik and Beckman, Brian and Bierman, Gavin},
booktitle = {Proceedings of the 2006 ACM SIGMOD international conference on Management of data - SIGMOD '06},
doi = {10.1145/1142473.1142552},
isbn = {1595934340},
month = jun,
pages = {706},
publisher = {ACM Press},
title = {{LINQ}},
url = {http://dl.acm.org/citation.cfm?id=1142473.1142552},
year = {2006}
}
@misc{TechnicalComittee2003,
author = {{Technical Comittee}},
booktitle = {Data Engineering},
number = {1},
title = {{Special Issue on Data Stream Processing}},
url = {http://people.cs.aau.dk/$\sim$tbp/BIT/moede10/A03MAR-CD.pdf#page=5},
volume = {26},
year = {2003}
}
@article{Gedik2008,
author = {Gedik, B and Andrade, H and Wu, KL and Yu, PS and Doo, M},
journal = {Proceedings of the 2008  \ldots},
title = {{SPADE: the system s declarative stream processing engine}},
url = {http://dl.acm.org/citation.cfm?id=1376729},
year = {2008}
}
@article{Aref2004,
author = {Aref, WG and Elmagarmid, AK},
journal = {\ldots  on Data  \ldots},
title = {{Nile: a query processing engine for data streams}},
url = {http://www-users.cs.umn.edu/$\sim$mokbel/papers/NileDemo.pdf},
year = {2004}
}
@book{Luckham2002,
author = {Luckham, DC},
title = {{The power of events}},
url = {https://sisis.rz.htw-berlin.de/inh2010/12375999.pdf},
year = {2002}
}
