Automatically generated by Mendeley Desktop 1.11
Any changes to this file will be lost if it is regenerated by Mendeley.

BibTeX export options can be customized via Preferences -> BibTeX in Mendeley Desktop

@article{Berry1984a,
author = {Berry, G and Cosserat, L},
file = {:Users/etn/Documents/PhD/Biblio/Berry, Cosserat - 1984 - The Esterel synchronous programming language and its mathematical semantics.pdf:pdf},
title = {{The Esterel synchronous programming language and its mathematical semantics}},
url = {http://hal.inria.fr/docs/00/07/62/30/PDF/RR-0327.pdf},
year = {1984}
}
@article{Gautier1987,
author = {Gautier, T and Guernic, P Le and Besnard, L},
file = {:Users/etn/Documents/PhD/Biblio/Gautier, Guernic, Besnard - 1987 - Signal A declarative language for synchronous programming of real-time systems.pdf:pdf},
journal = {Functional programming languages  \ldots},
title = {{Signal: A declarative language for synchronous programming of real-time systems}},
url = {http://link.springer.com/chapter/10.1007/3-540-18317-5\_15},
year = {1987}
}
