Automatically generated by Mendeley Desktop 1.12.3-dev1
Any changes to this file will be lost if it is regenerated by Mendeley.

BibTeX export options can be customized via Options -> BibTeX in Mendeley Desktop

@article{Jr1977,
author = {Jr, HC Baker and Hewitt, C},
journal = {ACM SIGART Bulletin},
title = {{The incremental garbage collection of processes}},
url = {http://dl.acm.org/citation.cfm?id=806932},
year = {1977}
}
@book{Liskov1988,
author = {Liskov, B and Shrira, L},
title = {{Promises: linguistic support for efficient asynchronous procedure calls in distributed systems}},
url = {http://dl.acm.org/citation.cfm?id=54016},
year = {1988}
}
