Automatically generated by Mendeley Desktop 1.12.3-dev1
Any changes to this file will be lost if it is regenerated by Mendeley.

BibTeX export options can be customized via Options -> BibTeX in Mendeley Desktop

@article{Jensen2009,
author = {Jensen, SH and M\o ller, A and Thiemann, P},
journal = {Static Analysis},
title = {{Type analysis for JavaScript}},
url = {http://link.springer.com/chapter/10.1007/978-3-642-03237-0_17},
year = {2009}
}
