Automatically generated by Mendeley Desktop 1.12.3-dev1
Any changes to this file will be lost if it is regenerated by Mendeley.

BibTeX export options can be customized via Options -> BibTeX in Mendeley Desktop

@article{Jensen2009,
author = {Jensen, SH and M\o ller, A and Thiemann, P},
file = {:home/etn/Documents/PhD/Biblio/Jensen, M\o ller, Thiemann - 2009 - Type analysis for JavaScript.pdf:pdf},
journal = {Static Analysis},
title = {{Type analysis for JavaScript}},
url = {http://link.springer.com/chapter/10.1007/978-3-642-03237-0_17},
year = {2009}
}
@article{Hackett2012,
author = {Hackett, B and Guo, S},
file = {:home/etn/Documents/PhD/Biblio/Hackett, Guo - 2012 - Fast and precise hybrid type inference for JavaScript.pdf:pdf},
journal = {ACM SIGPLAN Notices},
title = {{Fast and precise hybrid type inference for JavaScript}},
url = {http://dl.acm.org/citation.cfm?id=2254094},
year = {2012}
}
@article{Logozzo2010,
author = {Logozzo, F and Venter, H},
journal = {Compiler Construction},
title = {{RATA: rapid atomic type analysis by abstract interpretationâ€“application to javascript optimization}},
url = {http://link.springer.com/chapter/10.1007/978-3-642-11970-5_5},
year = {2010}
}
@article{Jensen2011,
author = {Jensen, SH and Madsen, M and M\o ller, A},
file = {:home/etn/Documents/PhD/Biblio/Jensen, Madsen, M\o ller - 2011 - Modeling the HTML DOM and browser API in static analysis of JavaScript web applications.pdf:pdf},
journal = {\ldots  of the 19th ACM SIGSOFT symposium \ldots},
title = {{Modeling the HTML DOM and browser API in static analysis of JavaScript web applications}},
url = {http://dl.acm.org/citation.cfm?id=2025125},
year = {2011}
}
