Automatically generated by Mendeley Desktop 1.12.3-dev1
Any changes to this file will be lost if it is regenerated by Mendeley.

BibTeX export options can be customized via Options -> BibTeX in Mendeley Desktop

@misc{Swartzb,
author = {Swartz, Aaron},
title = {{Squaring the Triangle: Secure, Decentralized, Human-Readable Names}},
url = {http://www.aaronsw.com/weblog/squarezooko}
}
@article{Swartzc,
author = {Swartz, Aaron},
title = {{A Censorship-Resistant Web}},
url = {http://www.aaronsw.com/weblog/uncensor}
}
