Automatically generated by Mendeley Desktop 1.10.1
Any changes to this file will be lost if it is regenerated by Mendeley.

BibTeX export options can be customized via Preferences -> BibTeX in Mendeley Desktop

@misc{Swartz,
author = {Swartz, Aaron},
title = {{Squaring the Triangle: Secure, Decentralized, Human-Readable Names}},
url = {http://www.aaronsw.com/weblog/squarezooko}
}
@article{Swartza,
author = {Swartz, Aaron},
title = {{A Censorship-Resistant Web}},
url = {http://www.aaronsw.com/weblog/uncensor}
}
